<record><leader>00000cas a2200000 a 4500</leader><controlfield tag="001">16117652</controlfield><controlfield tag="008">870701d188318uuncuwr ne      0    0eng d</controlfield><datafield ind1=" " ind2=" " tag="010"><subfield code="a">sn 87070090 </subfield></datafield><datafield ind1=" " ind2=" " tag="040"><subfield code="a">NYS</subfield><subfield code="b">eng</subfield><subfield code="c">NYS</subfield><subfield code="d">NVJ</subfield><subfield code="d">NYS</subfield><subfield code="d">NVJ</subfield><subfield code="d">DLC</subfield><subfield code="d">OCLCA</subfield><subfield code="d">OCLCF</subfield><subfield code="d">NOC</subfield><subfield code="d">OCL</subfield><subfield code="d">OCLCA</subfield></datafield><datafield ind1=" " ind2=" " tag="042"><subfield code="a">msc</subfield></datafield><datafield ind1=" " ind2=" " tag="043"><subfield code="a">n-us-nc</subfield></datafield><datafield ind1="0" ind2="0" tag="050"><subfield code="a">Newspaper</subfield></datafield><datafield ind1="0" ind2="4" tag="245"><subfield code="a">The Banner-enterprise.</subfield></datafield><datafield ind1="1" ind2="0" tag="246"><subfield code="a">Banner enterprise</subfield></datafield><datafield ind1=" " ind2=" " tag="260"><subfield code="a">Raleigh, N.C. :</subfield><subfield code="b">Smith, Mebane &amp; Williamson</subfield></datafield><datafield ind1="3" ind2="1" tag="264"><subfield code="3">&lt;Mar. 17, 1884-&gt;</subfield><subfield code="a">Wilmington, N.C. :</subfield><subfield code="b">[s.n.]</subfield></datafield><datafield ind1=" " ind2=" " tag="300"><subfield code="a">v.</subfield></datafield><datafield ind1=" " ind2=" " tag="310"><subfield code="a">Weekly</subfield></datafield><datafield ind1=" " ind2=" " tag="336"><subfield code="a">text</subfield><subfield code="b">txt</subfield><subfield code="2">rdacontent</subfield></datafield><datafield ind1=" " ind2=" " tag="337"><subfield code="a">unmediated</subfield><subfield code="b">n</subfield><subfield code="2">rdamedia</subfield></datafield><datafield ind1=" " ind2=" " tag="338"><subfield code="a">volume</subfield><subfield code="b">nc</subfield><subfield code="2">rdacarrier</subfield></datafield><datafield ind1="0" ind2=" " tag="362"><subfield code="a">Vol. 3, no. 14 (May 31, 1883)-</subfield></datafield><datafield ind1=" " ind2=" " tag="500"><subfield code="a">"Organ of the North Carolina Industrial Association."</subfield></datafield><datafield ind1=" " ind2=" " tag="500"><subfield code="a">Beginning with Mar. 17, 1884, issues appear to be published in Wilmington.</subfield></datafield><datafield ind1=" " ind2="0" tag="650"><subfield code="a">African American newspapers</subfield><subfield code="z">North Carolina.</subfield></datafield><datafield ind1=" " ind2="0" tag="651"><subfield code="a">Raleigh (N.C.)</subfield><subfield code="v">Newspapers.</subfield></datafield><datafield ind1=" " ind2="0" tag="651"><subfield code="a">Wilmington (N.C.)</subfield><subfield code="v">Newspapers.</subfield></datafield><datafield ind1=" " ind2="7" tag="650"><subfield code="a">African American newspapers.</subfield><subfield code="2">fast</subfield><subfield code="0">(OCoLC)fst00799278</subfield></datafield><datafield ind1=" " ind2="7" tag="651"><subfield code="a">North Carolina</subfield><subfield code="z">Wilmington.</subfield><subfield code="2">fast</subfield><subfield code="0">(OCoLC)fst01210117</subfield></datafield><datafield ind1=" " ind2="7" tag="651"><subfield code="a">North Carolina.</subfield><subfield code="2">fast</subfield><subfield code="0">(OCoLC)fst01204304</subfield></datafield><datafield ind1=" " ind2="7" tag="651"><subfield code="a">North Carolina</subfield><subfield code="z">Raleigh.</subfield><subfield code="2">fast</subfield><subfield code="0">(OCoLC)fst01206341</subfield></datafield><datafield ind1=" " ind2="7" tag="655"><subfield code="a">Newspapers.</subfield><subfield code="2">fast</subfield><subfield code="0">(OCoLC)fst01423814</subfield></datafield><datafield ind1="2" ind2=" " tag="710"><subfield code="a">North Carolina Industrial Association.</subfield></datafield><datafield ind1=" " ind2=" " tag="752"><subfield code="a">United States</subfield><subfield code="b">North Carolina</subfield><subfield code="c">Wake</subfield><subfield code="d">Raleigh.</subfield></datafield><datafield ind1=" " ind2=" " tag="752"><subfield code="a">United States</subfield><subfield code="b">North Carolina</subfield><subfield code="c">New Hanover</subfield><subfield code="d">Wilmington</subfield></datafield><datafield ind1="0" ind2="4" tag="780"><subfield code="t">Carolina enterprise</subfield><subfield code="w">(DLC)sn 98058832</subfield><subfield code="w">(OCoLC)39369829</subfield></datafield><datafield ind1="0" ind2="4" tag="780"><subfield code="t">Banner (Raleigh, N.C.)</subfield></datafield></record>